
@article{assessing,
	title={Assessing first-order emulator inference for physical parameters in nonlinear mechanistic models},
	author={Hooten, Mevin B and Leeds, William B and Fiechter, Jerome and Wikle, Christopher K},
	journal={Journal of Agricultural, Biological, and Environmental Statistics},
	volume={16},
	number={4},
	pages={475--494},
	year={2011},
	publisher={Springer}
}

@misc{RababGit,
	author = {Rabab Elzohery},
	title = {statistics-713 final project},
	year = {2019},
	publisher = {GitHub},
	journal = {GitHub repository},
	howpublished = {\url{https://github.com/Relzohery/statistics713-project}}
}

@article{scikit-learn,
	title={Scikit-learn: Machine Learning in {P}ython},
	author={Pedregosa, F. and Varoquaux, G. and Gramfort, A. and Michel, V.
	and Thirion, B. and Grisel, O. and Blondel, M. and Prettenhofer, P.
	and Weiss, R. and Dubourg, V. and Vanderplas, J. and Passos, A. and
	Cournapeau, D. and Brucher, M. and Perrot, M. and Duchesnay, E.},
	journal={Journal of Machine Learning Research},
	volume={12},
	pages={2825--2830},
	year={2011}
}

@inproceedings{rasmussen2003gaussian,
	title={Gaussian processes in machine learning},
	author={Rasmussen, Carl Edward},
	booktitle={Summer School on Machine Learning},
	pages={63--71},
	year={2003},
	organization={Springer}
}

@article{san2019artificial,
	title={An artificial neural network framework for reduced order modeling of transient flows},
	author={San, Omer and Maulik, Romit and Ahmed, Mansoor},
	journal={Communications in Nonlinear Science and Numerical Simulation},
	volume={77},
	pages={271--287},
	year={2019},
	publisher={Elsevier}
}

@article{benner2015survey,
	title={A survey of projection-based model reduction methods for parametric dynamical systems},
	author={Benner, Peter and Gugercin, Serkan and Willcox, Karen},
	journal={SIAM review},
	volume={57},
	number={4},
	pages={483--531},
	year={2015},
	publisher={SIAM}
}

@article{mackay1998introduction,
	title={Introduction to Gaussian processes},
	author={MacKay, David JC},
	journal={NATO ASI Series F Computer and Systems Sciences},
	volume={168},
	pages={133--166},
	year={1998},
	publisher={Springer Verlag}
}